@article{jitcxde,
	author = {Gerrit Ansmann},
	title = {Efficiently and easily integrating differential equations with {JiTCODE}, {JiTCDDE}, and {JiTCSDE}},
	year = {2018},
	journal = {Chaos},
	volume = {28},
	number = {4},
	pages = {043116},
	doi = {10.1063/1.5019320},
}

